@misc {nam_pham_2024,
    author       = { {Nam Pham} },
    title        = { tiny-strange-textbooks (Revision 6f304f1) },
    year         = 2024,
    url          = { https://huggingface.co/datasets/nampdn-ai/tiny-strange-textbooks },
    doi          = { 10.57967/hf/1612 },
    publisher    = { Hugging Face }
}

@misc{geiping2025scalingtesttimecomputelatent,
      title={Scaling up Test-Time Compute with Latent Reasoning: A Recurrent Depth Approach}, 
      author={Jonas Geiping and Sean McLeish and Neel Jain and John Kirchenbauer and Siddharth Singh and Brian R. Bartoldson and Bhavya Kailkhura and Abhinav Bhatele and Tom Goldstein},
      year={2025},
      eprint={2502.05171},
      archivePrefix={arXiv},
      primaryClass={cs.LG},
      url={https://arxiv.org/abs/2502.05171}, 
}